@InProceedings{paper,
  author = {Authors},
  title = {Title},
  booktitle = {Conference},
  pages = {pages},
  year = {year},
  address = {Address},
  month = {Data},
  publisher = {Publisher}
}
