@inproceedings{elfeky16,
title = {Towards Acoustic Model Unification Across Dialects},
author  = {Austin Waters and Meysam Bastani and Mohamed G. Elfeky and Pedro Moreno and Xavier Velez},
year  = 2016,
booktitle = {2016 IEEE Workshop on Spoken Language Technology}
}
